@online{paho,
	title = {{paho-mqtt}},
	journal = {PyPI},
	year = {2023},
	month = dec,
	note = {[Online; accessed 20. Dec. 2023]},
	url = {https://pypi.org/project/paho-mqtt}
}

@misc{do,
	title = {{DigitalOcean {$\vert$} Cloud Hosting for Builders}},
	year = {2023},
	month = dec,
	note = {[Online; accessed 14. Dec. 2023]},
	url = {https://www.digitalocean.com}
}

@online{arduinomqtt,
	title = {{arduino-mqtt}},
	journal = {GitHub},
	year = {2023},
	month = dec,
	note = {[Online; accessed 20. Dec. 2023]},
	url = {https://github.com/256dpi/arduino-mqtt}
}

@online{docker,
	title = {{Docker: Accelerated Container Application Development}},
	journal = {Docker},
	year = {2023},
	month = dec,
	note = {[Online; accessed 20. Dec. 2023]},
	url = {https://www.docker.com}
}

@online{es,
	title = {{Elasticsearch: The Official Distributed Search {\&} Analytics Engine {$\vert$} Elastic}},
	journal = {Elastic},
	year = {2023},
	month = dec,
	note = {[Online; accessed 20. Dec. 2023]},
	url = {https://www.elastic.co/elasticsearch}
}

@online{kibana,
	title = {{Kibana}},
	journal = {Elastic},
	year = {2023},
	month = nov,
	note = {[Online; accessed 20. Dec. 2023]},
	url = {https://www.elastic.co/kibana}
}